<record><leader>00000cas a22000007a 4500</leader><controlfield tag="001">10578954</controlfield><controlfield tag="008">840330d18551861paucr ne      0    0eng d</controlfield><controlfield tag="009">3781</controlfield><datafield ind1=" " ind2=" " tag="010"><subfield code="a">sn 84026660 </subfield></datafield><datafield ind1=" " ind2=" " tag="040"><subfield code="a">NPU</subfield><subfield code="b">eng</subfield><subfield code="c">NPU</subfield><subfield code="d">NPH</subfield><subfield code="d">DLC</subfield><subfield code="d">NPH</subfield><subfield code="d">DLC</subfield><subfield code="d">WIH</subfield><subfield code="d">OCLCF</subfield></datafield><datafield ind1="1" ind2=" " tag="029"><subfield code="a">AU@</subfield><subfield code="b">000025785706</subfield></datafield><datafield ind1=" " ind2=" " tag="042"><subfield code="a">msc</subfield></datafield><datafield ind1=" " ind2=" " tag="043"><subfield code="a">n-us-pa</subfield></datafield><datafield ind1="0" ind2="0" tag="050"><subfield code="a">Newspaper 9375-X</subfield></datafield><datafield ind1="0" ind2="0" tag="245"><subfield code="a">Village record and register &amp; examiner.</subfield></datafield><datafield ind1="0" ind2="0" tag="246"><subfield code="a">Village record and register and examiner</subfield></datafield><datafield ind1=" " ind2=" " tag="260"><subfield code="a">West Chester, Pa. :</subfield><subfield code="b">Henry S. Evans,</subfield><subfield code="c">1855-1861.</subfield></datafield><datafield ind1=" " ind2=" " tag="300"><subfield code="a">8 v. :</subfield><subfield code="b">ill. (chiefly advertisements) ;</subfield><subfield code="c">73 cm.</subfield></datafield><datafield ind1=" " ind2=" " tag="310"><subfield code="a">Semiweekly</subfield></datafield><datafield ind1="0" ind2=" " tag="362"><subfield code="a">Vol. 37, no. 17 (June 26, 1855)-v. 44, no. 9 (June 18, 1861) = Whole no. 1979-whole no. 2291.</subfield></datafield><datafield ind1=" " ind2=" " tag="500"><subfield code="a">Published every Tuesday and Saturday.</subfield></datafield><datafield ind1=" " ind2="0" tag="651"><subfield code="a">West Chester (Pa.)</subfield><subfield code="v">Newspapers.</subfield></datafield><datafield ind1=" " ind2="7" tag="655"><subfield code="a">Newspapers.</subfield><subfield code="2">fast</subfield><subfield code="0">(OCoLC)fst01423814</subfield></datafield><datafield ind1=" " ind2="7" tag="651"><subfield code="a">Pennsylvania</subfield><subfield code="z">West Chester.</subfield><subfield code="2">fast</subfield><subfield code="0">(OCoLC)fst01202764</subfield></datafield><datafield ind1=" " ind2=" " tag="752"><subfield code="a">United States</subfield><subfield code="b">Pennsylvania</subfield><subfield code="c">Chester</subfield><subfield code="d">West Chester.</subfield></datafield><datafield ind1="0" ind2="4" tag="780"><subfield code="t">Village record (West Chester, Pa. : 1838)</subfield><subfield code="w">(DLC)sn 85054088</subfield></datafield><datafield ind1="0" ind2="4" tag="780"><subfield code="t">Register and examiner</subfield><subfield code="w">(DLC)sn 85054086</subfield></datafield><datafield ind1="0" ind2="5" tag="780"><subfield code="t">Register &amp; examiner. And Village record for Saturday</subfield><subfield code="w">(OCoLC)15148830</subfield></datafield><datafield ind1="0" ind2="0" tag="785"><subfield code="t">Village record semi-weekly</subfield><subfield code="w">(OCoLC)15148853</subfield></datafield></record>